% Encoding: UTF-8

@Misc{IZG,
  title        = {Základy počítačové grafiky},
  howpublished = {VUT Brno},
  year         = {2016/2017},
}

@Misc{wiki_kmeans,
  title        = {K-means},
  howpublished = {Wkipedia},
  url          = {https://cs.wikipedia.org/wiki/K-means},
}

@Misc{OpenCV_Formats,
  title        = {Reading and Writing Images and Video},
  howpublished = {OpenCV},
  url          = {https://docs.opencv.org/2.4/modules/highgui/doc/reading\_and\_writing\_images\_and\_video.html\#imread},
}

@Comment{jabref-meta: databaseType:bibtex;}
