% Encoding: UTF-8

@MasterThesis{Bak_Pravidla_CZ_typ,
  author = {Michal Sir\r{u}\v{c}ek},
  title =  {Pravidla \v{c}esk\'{e} digit\'{a}ln\'{i} typografie},
  school = {Vysok\'{a} \v{s}kola ekonomick\'{a} v Praze},
  year =   {2007}
}

@MasterThesis{Bak_Typ_v_cas,
  author = {\v{Z} K\r{u}relinov\'{a}},
  title =  {Typografie a grafick\'{a} \'{u}prava v m\'{o}dn\'{i}ch \v{c}asopisech},
  school = {Univerzita Tom\'{a}\v{s}e Bati ve Zl\'{i}n\v{e}},
  year =   {2014}
}

@Article{CHIP_Word_zkratky,
  author =  {Felix Knoke},
  title =   {Word, kl\'{a}vesov\'{e} zkratky, kter\'{e} nezn\'{a}te},
  journal = {CHIP},
  year =    {2015},
  volume =  {2015},
  number =  {7},
  pages =   {23,24},
  month =   {b\v{r}ezen}
}

@Book{LaTeX_Kottwitz,
  title =     {LaTeX Beginner's Guide},
  publisher = {PACKT publishing},
  year =      {2011},
  author =    {Stefan Kottwitz},
  address =   {Birmingham},
  edition =   {1st published},
  note =      {ISBN 978-1-847199-86-7}
}

@Book{LaTeX_Rybicka,
  title =     {LaTeX pro za\v{c}\'{a}te\v{c}n\'{i}ky},
  publisher = {Konvoj},
  year =      {2003},
  author =    {Ji\v{r}\'{i} Rybi\v{c}ka},
  address =   {Brno},
  edition =   {3. vyd\'{a}n\'{i}},
  note =      {ISBN 80-7302-049-1}
}

@Article{PPC_Zaklady_formatovani,
  author =  {Miroslav Zeigler},
  title =   {Z\'{a}klady form\'{a}tov\'{a}n\'{i} textu},
  journal = {Po\v{c}\'{i}ta\v{c} pro ka\v{z}d\'{e}ho},
  year =    {2010},
  volume =  {2010},
  number =  {12},
  pages =   {23--24},
  month =   {kv\v{e}ten}
}

@Misc{Typo_PC_Nej_chyby,
  author =       {Miroslav Sedlmajer},
  title =        {Nej\v{c}ast\v{e}j\v{s}\'{i} chyby a jak se jim vyhnout},
  howpublished = {[online]},
  month =        {17. \'{u}nor},
  year =         {2005},
  timestamp =    {17. 04. 2016},
  url =          {http://typografie.wz.cz/chyby.html}
}

@Article{Typografia,
  author =    {Marek Gult},
  title =     {\v{C}ast\'{e} i m\'{e}n\v{e} \v{c}ast\'{e} chyby},
  booktitle = {Typografia},
  publisher = {Digirama s.r.o.},
  year =      {2014},
  volume =    {2014},
  number =    {11-12}
}

@Misc{Wiki_Typo_rady,
  
  title =        {Typografick\'{e} rady},
  howpublished = {[online]},
  month =        {13. duben, 15:02},
  year =         {2016},
  timestamp =    {14. dubna 2016},
  url =          {https://cs.wikipedia.org/wiki/Wikipedie:Typografick\%C3\%A9\_rady}
}

@Misc{Zahadna_typo_Nej_chyby,
  author =       {Jan Kone\v{c}n\'{y}},
  title =        {Z\'{a}hadn\'{a} typografie 3 - Nej\v{c}ast\v{e}j\v{s}\'{i} typografick\'{e} chyby},
  howpublished = {[online]},
  month =        {24. z\'{a}\v{r}\'{i}},
  year =         {2015},
  timestamp =    {17. 04. 2016},
  url =          {www.jankonecny.cz/zahadna-typografie-3-nejcastejsi-typograficke\--chyby/}
}
